%Entries in this file are first sorted by year, then by author name.
@book{matsumoto2002introduction,
  title={An Introduction to Morse Theory},
  author={Matsumoto, Y. and American Mathematical Society and Hudson, K. and Saito, M.},
  isbn={9780821810224},
  lccn={01045751},
  series={Europe and Central Asia Poverty Reduction and Economic Manag},
  url={https://books.google.com/books?id=TtKyqozvgIwC},
  year={2002},
  publisher={American Mathematical Society}
}
@inproceedings{Ahmed:2015:CTD:2820783.2820810,
 author = {Ahmed, Mahmuda and Fasy, Brittany Terese and Gibson, Matt and Wenk, Carola},
 title = {Choosing Thresholds for Density-based Map Construction Algorithms},
 booktitle = {Proceedings of the 23rd SIGSPATIAL International Conference on Advances in Geographic Information Systems},
 series = {SIGSPATIAL '15},
 year = {2015},
 isbn = {978-1-4503-3967-4},
 location = {Seattle, Washington},
 pages = {24:1--24:10},
 articleno = {24},
 numpages = {10},
 url = {http://doi.acm.org/10.1145/2820783.2820810},
 doi = {10.1145/2820783.2820810},
 acmid = {2820810},
 publisher = {ACM},
 address = {New York, NY, USA},
 keywords = {density, map construction, thresholding},
} 

@thesis{schweinhart_thesis.pdf_2015,
	title = {thesis.pdf},
	institution = {Princeton},
	type = {phdthesis},
	author = {Schweinhart, Benjamin},
	date = {2015},
	file = {thesis.pdf:/home/sushovan/Zotero/storage/5HJWL822/thesis.pdf:application/pdf}
}

@article{adams_metric_2017,
	title = {Metric thickenings of Euclidean submanifolds},
	journaltitle = {{arXiv} preprint {arXiv}:1709.02492},
	author = {Adams, Henry and Mirth, Joshua},
	date = {2017},
	file = {1709.02492.pdf:/home/sushovan/Zotero/storage/IUR6XFXT/1709.02492.pdf:application/pdf}
}

@misc{georgiu_lecture_nodate,
	title = {Lecture notes. A brief introduction to metric embeddings, examples and motivation},
	author = {Georgiu, Costis},
	file = {LN1.pdf:/home/sushovan/Zotero/storage/QDC682L4/LN1.pdf:application/pdf}
}

@inproceedings{chazal_gromov-hausdorff_2009,
	title = {Gromov-Hausdorff Stable Signatures for Shapes using Persistence},
	volume = {28},
	url = {http://onlinelibrary.wiley.com/doi/10.1111/j.1467-8659.2009.01516.x/full},
	pages = {1393--1403},
	booktitle = {Computer Graphics Forum},
	publisher = {Wiley Online Library},
	author = {Chazal, Frédéric and Cohen-Steiner, David and Guibas, Leonidas J. and Mémoli, Facundo and Oudot, Steve Y.},
	urldate = {2016-04-26},
	date = {2009},
	file = {ccgmo-ghsssp-09.pdf:/home/sushovan/Zotero/storage/API4NVQ9/ccgmo-ghsssp-09.pdf:application/pdf}
}

@article{denne_distortion_2009,
	title = {The distortion of a knotted curve},
	volume = {137},
	pages = {1139--1148},
	number = {3},
	journaltitle = {Proceedings of the American Mathematical Society},
	author = {Denne, Elizabeth and Sullivan, John},
	date = {2009},
	file = {S0002-9939-08-09705-0.pdf:/home/sushovan/Zotero/storage/BPTAJYIM/S0002-9939-08-09705-0.pdf:application/pdf}
}

@book{gromov_metric_nodate,
	title = {Metric Structures for Riemannian and Non-Riemannian Spaces},
	author = {Gromov, Mikhael},
	file = {10.1007%2F978-0-8176-4583-0.pdf:/home/sushovan/Zotero/storage/YCMULN47/10.1007%2F978-0-8176-4583-0.pdf:application/pdf}
}

@article{adamaszek_metric_2017,
	title = {Metric reconstruction via optimal transport},
	url = {https://arxiv.org/abs/1706.04876},
	journaltitle = {{arXiv} preprint {arXiv}:1706.04876},
	author = {Adamaszek, Michal and Adams, Henry and Frick, Florian},
	urldate = {2017-10-05},
	date = {2017},
	file = {1706.04876.pdf:/home/sushovan/Zotero/storage/64R6J2XH/1706.04876.pdf:application/pdf}
}

@misc{noauthor_lecture_nodate,
	title = {Lecture notes; metric embeddings},
	file = {lecture1.pdf:/home/sushovan/Zotero/storage/X7WXGAGF/lecture1.pdf:application/pdf}
}

@article{matousek_lecture_nodate,
	title = {Lecture notes on metric embeddings},
	pages = {125},
	author = {Matouˇsek, Jirˇı},
	langid = {english},
	file = {Matouˇsek - Lecture notes on metric embeddings.pdf:/home/sushovan/Zotero/storage/HSI8NIAG/Matouˇsek - Lecture notes on metric embeddings.pdf:application/pdf}
}

@article{gromov_euclid.jdg.1214509283.pdf_1983,
	title = {euclid.jdg.1214509283.pdf},
	volume = {18},
	pages = {1--147},
	journaltitle = {J. Diff. Geom.},
	author = {Gromov, Mikhael},
	date = {1983},
	file = {euclid.jdg.1214509283.pdf:/home/sushovan/Zotero/storage/YNIKWJ7B/euclid.jdg.1214509283.pdf:application/pdf}
}

@incollection{sullivan_curves_2008,
	title = {Curves of finite total curvature},
	pages = {137--161},
	booktitle = {Discrete differential geometry},
	publisher = {Springer},
	author = {Sullivan, John M.},
	date = {2008},
	file = {0606007.pdf:/home/sushovan/Zotero/storage/R4RM4L8R/0606007.pdf:application/pdf}
}

@article{alvarado_lower_2017,
	title = {A Lower Bound for the Reach of Flat Norm Minimizers},
	journaltitle = {{arXiv} preprint {arXiv}:1702.08068},
	author = {Alvarado, Enrique G. and Vixie, Kevin R.},
	date = {2017},
	file = {1702.08068.pdf:/home/sushovan/Zotero/storage/XEMZ4FJ3/1702.08068.pdf:application/pdf}
}

@article{gasparovic_complete_2017,
	title = {A Complete Characterization of the 1-Dimensional Intrinsic Cech Persistence Diagrams for Metric Graphs},
	url = {https://arxiv.org/abs/1702.07379},
	journaltitle = {{arXiv} preprint {arXiv}:1702.07379},
	author = {Gasparovic, Ellen and Gommel, Maria and Purvine, Emilie and Sazdanovic, Radmila and Wang, Bei and Wang, Yusu and Ziegelmeier, Lori},
	urldate = {2017-10-05},
	date = {2017},
	file = {1702.07379.pdf:/home/sushovan/Zotero/storage/499UA7S2/1702.07379.pdf:application/pdf}
}

@inproceedings{dey_graph_2018_socg,
  title = {Graph Reconstruction by Discrete {M}orse Theory},
  author = {Dey, Tamal K. and Wang, Jiayuan and Wang, Yusu},
  booktitle = {34th International Symposium on Computational Geometry},
  pages = {31:1--31:15},
  year = 2018
  }

@unpublished{dey_graph_2018,
	title = {Graph Reconstruction by Discrete {M}orse Theory},
	url = {http://arxiv.org/abs/1803.05093},
	doi = {10.4230/LIPIcs.SoCG.2018.31},
	author = {Dey, Tamal K. and Wang, Jiayuan and Wang, Yusu},
	urldate = {2018-08-20},
	date = {2018-03-13},
	langid = {english},
	note = {arXiv:1803.0509},
}

@inproceedings{ge_data_11,
 author = {Ge, Xiaoyin and Safa, Issam and Belkin, Mikhail and Wang, Yusu},
 title = {Data Skeletonization via Reeb Graphs},
 booktitle = {Proceedings of the 24th International Conference on Neural Information Processing Systems},
 series = {NIPS'11},
 year = {2011},
 isbn = {978-1-61839-599-3},
 location = {Granada, Spain},
 pages = {837--845},
 numpages = {9},
 url = {http://dl.acm.org/citation.cfm?id=2986459.2986553},
 acmid = {2986553},
 publisher = {Curran Associates Inc.},
 address = {USA},
}


@article{robins_theory_2011,
	title = {Theory and Algorithms for Constructing Discrete Morse Complexes from Grayscale Digital Images},
	volume = {33},
	issn = {0162-8828},
	url = {http://ieeexplore.ieee.org/document/5766002/},
	doi = {10.1109/TPAMI.2011.95},
	pages = {1646--1658},
	number = {8},
	journaltitle = {{IEEE} Transactions on Pattern Analysis and Machine Intelligence},
	author = {Robins, V and Wood, P J and Sheppard, A P},
	urldate = {2018-08-20},
	date = {2011-08},
	langid = {english},
	file = {06873268.pdf:/home/sushovan/Zotero/storage/UW9PF5BZ/06873268.pdf:application/pdf;Robins et al. - 2011 - Theory and Algorithms for Constructing Discrete Mo.pdf:/home/sushovan/Zotero/storage/A56NIQLC/Robins et al. - 2011 - Theory and Algorithms for Constructing Discrete Mo.pdf:application/pdf}
}

@inproceedings{wang_efficient_2015,
	location = {Bellevue, Washington},
	title = {Efficient map reconstruction and augmentation via topological methods},
	isbn = {978-1-4503-3967-4},
	url = {http://dl.acm.org/citation.cfm?doid=2820783.2820833},
	doi = {10.1145/2820783.2820833},
	eventtitle = {the 23rd {SIGSPATIAL} International Conference},
	pages = {1--10},
	booktitle = {Proceedings of the 23rd {SIGSPATIAL} International Conference on Advances in Geographic Information Systems - {GIS} '15},
	publisher = {{ACM} Press},
	author = {Wang, Suyi and Wang, Yusu and Li, Yanjie},
	urldate = {2018-08-20},
	year = 2015,
	langid = {english},
	file = {Wang et al. - 2015 - Efficient map reconstruction and augmentation via .pdf:/home/sushovan/Zotero/storage/NXDW9LSZ/Wang et al. - 2015 - Efficient map reconstruction and augmentation via .pdf:application/pdf}
}

@article{forman_users_nodate,
	title = {A {USER}’S {GUIDE} {TO} {DISCRETE} {MORSE} {THEORY}},
	pages = {35},
	author = {{FORMAN}, {ROBIN}},
	langid = {english},
	file = {FORMAN - A USER’S GUIDE TO DISCRETE MORSE THEORY.pdf:/home/sushovan/Zotero/storage/TPZY96PR/FORMAN - A USER’S GUIDE TO DISCRETE MORSE THEORY.pdf:application/pdf}
}

@article{forman_users_02,
  author = {Robin Forman},
  title = {A user's guide to discrete {M}orse theory},
  journal = {S{\'e}minaire Lotharingien de Combinatiore},
  number = 48,
  year = 2002,
  pages ={Art.\ B48c}
  }

@article{gyulassy_topologically_2007,
	title = {Topologically Clean Distance Fields},
	volume = {13},
	issn = {1077-2626},
	url = {http://ieeexplore.ieee.org/document/4376171/},
	doi = {10.1109/TVCG.2007.70603},
	pages = {1432--1439},
	number = {6},
	journaltitle = {{IEEE} Transactions on Visualization and Computer Graphics},
	author = {Gyulassy, Attila and Duchaineau, Mark and Natarajan, Vijay and Pascucci, Valerio and Bringa, Eduardo and Higginbotham, Andrew and Hamann, Bernd},
	urldate = {2018-08-28},
	date = {2007-11},
	langid = {english},
	file = {Gyulassy et al. - 2007 - Topologically Clean Distance Fields.pdf:/home/sushovan/Zotero/storage/8GLF36UN/Gyulassy et al. - 2007 - Topologically Clean Distance Fields.pdf:application/pdf}
}

@article{dey_provably_nodate,
	title = {Provably Recovering Noisy Graph using Discrete Morse and Its Application to Road Networks},
	pages = {28},
	author = {Dey, Tamal K and Wang, Jiayuan and Wang, Yusu},
	langid = {english},
	file = {Dey et al. - Provably Recovering Noisy Graph using Discrete Mor.pdf:/home/sushovan/Zotero/storage/6BDP2I24/Dey et al. - Provably Recovering Noisy Graph using Discrete Mor.pdf:application/pdf}
}

@article{delgado-friedrichs_skeletonization_2015,
	title = {Skeletonization and Partitioning of Digital Images Using Discrete Morse Theory},
	volume = {37},
	issn = {0162-8828, 2160-9292},
	url = {http://ieeexplore.ieee.org/document/6873268/},
	doi = {10.1109/TPAMI.2014.2346172},
	pages = {654--666},
	number = {3},
	journaltitle = {{IEEE} Transactions on Pattern Analysis and Machine Intelligence},
	author = {Delgado-Friedrichs, Olaf and Robins, Vanessa and Sheppard, Adrian},
	urldate = {2018-08-28},
	date = {2015-03-01},
	langid = {english},
	file = {Delgado-Friedrichs et al. - 2015 - Skeletonization and Partitioning of Digital Images.pdf:/home/sushovan/Zotero/storage/LF2IVGSP/Delgado-Friedrichs et al. - 2015 - Skeletonization and Partitioning of Digital Images.pdf:application/pdf}
}

@article{sousbie_persistent_2011,
	title = {The persistent cosmic web and its filamentary structure I: Theory and implementation},
	volume = {414},
	issn = {00358711},
	url = {http://arxiv.org/abs/1009.4015},
	doi = {10.1111/j.1365-2966.2011.18394.x},
	shorttitle = {The persistent cosmic web and its filamentary structure I},
	pages = {350--383},
	number = {1},
	journaltitle = {Monthly Notices of the Royal Astronomical Society},
	author = {Sousbie, Thierry},
	urldate = {2018-08-28},
	date = {2011-06-11},
	langid = {english},
	eprinttype = {arxiv},
	eprint = {1009.4015},
	keywords = {Astrophysics - Cosmology and Nongalactic Astrophysics, Mathematical Physics, Physics - Computational Physics},
	file = {Sousbie - 2011 - The persistent cosmic web and its filamentary stru.pdf:/home/sushovan/Zotero/storage/DY48KGPT/Sousbie - 2011 - The persistent cosmic web and its filamentary stru.pdf:application/pdf}
}

@book{arnold_ordinary_1978,
	location = {Cambridge Mass.},
	edition = {1st edition},
	title = {Ordinary Differential Equations},
	isbn = {978-0-262-51018-9},
	pagetotal = {280},
	publisher = {The {MIT} Press},
	author = {Arnold, V. I.},
	translator = {Silverman, Richard A.},
	date = {1978-07-15}
}

@book{ahmed_map_2015,
	location = {New York, {NY}},
	edition = {1st edition},
	title = {Map construction algorithms},
	isbn = {978-3-319-25164-6},
	publisher = {Springer Science+Business Media},
	author = {Ahmed, Mahmuda and Karagiorgou, Sophia and Pfoser, Dieter and Wenk, Carola},
	date = {2015},
	langid = {english},
	file = {2015 - Map construction algorithms.pdf:/home/sushovan/Zotero/storage/TVE6KBUH/2015 - Map construction algorithms.pdf:application/pdf}
}

@article{chen_statistical_2015,
	title = {Statistical Inference using the Morse-Smale Complex},
	url = {http://arxiv.org/abs/1506.08826},
	journaltitle = {{arXiv}:1506.08826 [math, stat]},
	author = {Chen, Yen-Chi and Genovese, Christopher R. and Wasserman, Larry},
	urldate = {2018-09-04},
	date = {2015-06-29},
	langid = {english},
	eprinttype = {arxiv},
	eprint = {1506.08826},
	keywords = {62G20 (Primary), 62G05, 62G08 (Secondary), Mathematics - Statistics Theory, Statistics - Machine Learning, Statistics - Methodology},
	file = {Chen et al. - 2015 - Statistical Inference using the Morse-Smale Comple.pdf:/home/sushovan/Zotero/storage/C9C49LGJ/Chen et al. - 2015 - Statistical Inference using the Morse-Smale Comple.pdf:application/pdf}
}

@article{lewiner_optimal_2003,
	title = {Optimal discrete Morse functions for 2-manifolds},
	volume = {26},
	issn = {09257721},
	url = {http://linkinghub.elsevier.com/retrieve/pii/S0925772103000142},
	doi = {10.1016/S0925-7721(03)00014-2},
	pages = {221--233},
	number = {3},
	journaltitle = {Computational Geometry},
	author = {Lewiner, Thomas and Lopes, Hélio and Tavares, Geovan},
	urldate = {2018-09-10},
	date = {2003-11},
	langid = {english},
	file = {Lewiner et al. - 2003 - Optimal discrete Morse functions for 2-manifolds.pdf:/home/sushovan/Zotero/storage/RULN62TX/Lewiner et al. - 2003 - Optimal discrete Morse functions for 2-manifolds.pdf:application/pdf}
}

@article{forman_morse_1998,
	title = {Morse Theory for Cell Complexes},
	volume = {134},
	issn = {00018708},
	url = {http://linkinghub.elsevier.com/retrieve/pii/S0001870897916509},
	doi = {10.1006/aima.1997.1650},
	pages = {90--145},
	number = {1},
	journaltitle = {Advances in Mathematics},
	author = {Forman, Robin},
	urldate = {2018-09-12},
	date = {1998-03},
	langid = {english},
	file = {Forman - 1998 - Morse Theory for Cell Complexes.pdf:/home/sushovan/Zotero/storage/A293IIJB/Forman - 1998 - Morse Theory for Cell Complexes.pdf:application/pdf}
}

@article{edelsbrunner_hierarchical_2003,
	title = {Hierarchical Morse--Smale Complexes for Piecewise Linear 2-Manifolds},
	volume = {30},
	issn = {0179-5376, 1432-0444},
	url = {http://link.springer.com/10.1007/s00454-003-2926-5},
	doi = {10.1007/s00454-003-2926-5},
 	pages = {87--107},
	number = {1},
	journaltitle = {Discrete and Computational Geometry},
	author = {Edelsbrunner, Herbert and Harer, John and Zomorodian, Afra},
	urldate = {2018-09-12},
	date = {2003-05-21},
	langid = {english},
	file = {Edelsbrunner et al. - 2003 - Hierarchical Morse--Smale Complexes for Piecewise .pdf:/home/sushovan/Zotero/storage/TZRHB2JW/Edelsbrunner et al. - 2003 - Hierarchical Morse--Smale Complexes for Piecewise .pdf:application/pdf}
}

@article{adamaszek_metric_2017-1,
	title = {Metric reconstruction via optimal transport},
	url = {http://arxiv.org/abs/1706.04876},
	journaltitle = {{arXiv}:1706.04876 [math]},
	author = {Adamaszek, Michal and Adams, Henry and Frick, Florian},
	urldate = {2018-09-14},
	date = {2017-06-15},
	langid = {english},
	eprinttype = {arxiv},
	eprint = {1706.04876},
	keywords = {53C23, 54E35, 55P10, 55U10, Mathematics - Algebraic Topology, Mathematics - Geometric Topology, Mathematics - Metric Geometry},
	file = {Adamaszek et al. - 2017 - Metric reconstruction via optimal transport.pdf:/home/sushovan/Zotero/storage/QNJSJFFC/Adamaszek et al. - 2017 - Metric reconstruction via optimal transport.pdf:application/pdf}
}

@Inbook{Sullivan:2008,
author = {Sullivan, John M.},
editor="Bobenko, Alexander I. and Sullivan, John M. and Schr{\"o}der, Peter and Ziegler, G{\"u}nter M.",
title="Curves of Finite Total Curvature",
bookTitle="Discrete Differential Geometry",
year="2008",
publisher="Birkh{\"a}user Basel",
address="Basel",
pages="137--161",
abstract="We consider the class of curves of finite total curvature, as introduced by Milnor. This is a natural class for variational problems and geometric knot theory, and since it includes both smooth and polygonal curves, its study shows us connections between discrete and differential geometry. To explore these ideas, we consider theorems of F{\'a}ry/Milnor, Schur, Chakerian and Wienholtz.",
isbn="978-3-7643-8621-4",
doi="10.1007/978-3-7643-8621-4_7",
url="https://doi.org/10.1007/978-3-7643-8621-4_7"
}

@article{Ahmed:2015:PDS:2807914.2729977,
 author = {Ahmed, Mahmuda and Fasy, Brittany Terese and Hickmann, Kyle S. and Wenk, Carola},
  title = {A Path-Based Distance for Street Map Comparison},
   journal = {ACM Trans. Spatial Algorithms Syst.},
    issue_date = {August 2015},
     volume = {1},
      number = {1},
       month = jul,
        year = {2015},
	 issn = {2374-0353},
	  pages = {3:1--3:28},
	   articleno = {3},
	    numpages = {28},
	     url = {http://doi.acm.org/10.1145/2729977},
	      doi = {10.1145/2729977},
	       acmid = {2729977},
	        publisher = {ACM},
		 address = {New York, NY, USA},
		  keywords = {Map comparison, geometric graphs, street maps},
		  }

@book{Dey:2006:CSR:1196751,
 author = {Dey, Tamal K.},
  title = {Curve and Surface Reconstruction: Algorithms with Mathematical Analysis (Cambridge Monographs on Applied and Computational Mathematics)},
   year = {2006},
    isbn = {0521863708},
     publisher = {Cambridge University Press},
      address = {New York, NY, USA},
      }
      
@Article{Alexandroff1928,
author="Alexandroff, Paul",
title="{\"U}ber den allgemeinen Dimensionsbegriff und seine Beziehungen zur elementaren geometrischen Anschauung",
journal="Mathematische Annalen",
year="1928",
month="March",
day="01",
volume="98",
number="1",
pages="617--635",
issn="1432-1807",
doi="10.1007/BF01451612",
url="https://doi.org/10.1007/BF01451612"
}

@inproceedings{Ahmed:2014:LPH:2666310.2666390,
 author = {Ahmed, Mahmuda and Fasy, Brittany Terese and Wenk, Carola},
  title = {Local Persistent Homology Based Distance Between Maps},
   booktitle = {Proceedings of the 22Nd ACM SIGSPATIAL International Conference on Advances in Geographic Information Systems},
    series = {SIGSPATIAL '14},
     year = {2014},
      isbn = {978-1-4503-3131-9},
       location = {Dallas, Texas},
        pages = {43--52},
	 numpages = {10},
	  url = {http://doi.acm.org/10.1145/2666310.2666390},
	   doi = {10.1145/2666310.2666390},
	    acmid = {2666390},
	     publisher = {ACM},
	      address = {New York, NY, USA},
	       keywords = {local homology, map comparison, metrics, persistence},
	       } 

@book{akpw-mca-15,
  title = {Map Construction Algorithms},
  author = {Mahmuda Ahmed and Sophia Karagiorgou and Dieter Pfoser and Carola Wenk},
  publisher = {Springer},
  year = 2015
}

@article{amenta1998crust,
  title={The crust and the $\beta$-skeleton: Combinatorial curve reconstruction},
    author={Amenta, Nina and Bern, Marshall and Eppstein, David},
      journal={Graphical models and image processing},
        volume={60},
	  number={2},
	    pages={125--135},
	      year={1998},
	        publisher={Elsevier}
		}
@article{lecci2014statistical,
  title={Statistical analysis of metric graph reconstruction.},
    author={Lecci, Fabrizio and Rinaldo, Alessandro and Wasserman, Larry A},
      journal={Journal of Machine Learning Research},
        volume={15},
	  number={1},
	    pages={3425--3446},
	      year={2014}
	      }
@article{aanjaneya2012metric,
    title={Metric Graph Reconstruction from Noisy Data},
    author={Aanjaneya, Mridul and Chazal, Fr\'ed\'eric and Chen, Daniel and Glisse, Marc and Guibas, Leonidas and Morozov, Dmitriy},
    journal={International Journal of Computational Geometry \& Applications},
    volume={22},
    number={04},
    pages={305--325},
    year={2012},
    publisher={World Scientific}
}

@article{lieutier2004any,
    title={Any open bounded subset of $\mathbb{R}^n$ has the same homotopy type as its medial axis},
    author={Lieutier, Andr{\'e}},
    journal={Computer-Aided Design},
    volume={36},
    number={11},
    pages={1029--1046},
    year={2004},
    publisher={Elsevier}
}

@article{amenta1999surface,
  title={Surface reconstruction by Voronoi filtering},
    author={Amenta, Nina and Bern, Marshall},
      journal={Discrete \& Computational Geometry},
        volume={22},
	  number={4},
	    pages={481--504},
	      year={1999},
	        publisher={Springer}
		}
		
@article{chazal2009sampling,
  title={A sampling theory for compact sets in Euclidean space},
    author={Chazal, Fr{\'e}d{\'e}ric and Cohen-Steiner, David and Lieutier, Andr{\'e}},
      journal={Discrete \& Computational Geometry},
        volume={41},
	  number={3},
	    pages={461--479},
	      year={2009},
	        publisher={Springer}
		}
		

@article{chazal2005lambda,
  title={The $\lambda$-medial axis},
    author={Chazal, Fr{\'e}d{\'e}ric and Lieutier, Andr{\'e}},
      journal={Graphical Models},
        volume={67},
	  number={4},
	    pages={304--331},
	      year={2005},
	        publisher={Elsevier}
}		

@article{CHAZALSTAB,
    title={Stability and Computation of Topological Invariants of Solids in $\mathbb{R}^n$},
    author={Chazal, Fr{\'e}d{\'e}ric and Lieutier, Andr{\'e}},
    journal={Discrete \& Computational Geometry},
    volume={37},
    number={4},
    pages={601--617},
    year={2007},
    publisher={Springer}
}

@Article{PERSTSTAB,
author="Cohen-Steiner, David
and Edelsbrunner, Herbert
and Harer, John",
title="Stability of Persistence Diagrams",
journal="Discrete {\&} Computational Geometry",
year="2007",
volume="37",
number="1",
pages="103--120",
abstract="The persistence diagram of a real-valued function on a topological sp\
ace is a multiset of points in the extended plane. We prove that under mild ass\
umptions on the function, the persistence diagram is stable:  small changes in \
the function imply only small changes in the diagram. We apply this result to e\
stimating the homology of sets in a metric space and to comparing and classifyi\
ng geometric shapes.",
issn="1432-0444",
doi="10.1007/s00454-006-1276-5",
url="http://dx.doi.org/10.1007/s00454-006-1276-5"
}



@article{HOMTRANSFER,
  title={Persistent Homology Transform for Modeling Shapes and Surfaces},
    author={Turner, Katharine and Mukherjee, Sayan and Boyer, Doug M},
      journal={Information and Inference},
      volume="3",
      pages="310-344",
        year="2014"
	}
@BOOK{MUNK,
   author = "James R. Munkres",
   title = "Elements Of Algebraic Topology",
   publisher = "Addison-Wesley Publishing Company",
   edition = "{S}econd",
   year = 1996
}

@BOOK{MARK,
   author = "{Mark de Berg, Otfried Cheong, Marc van Kreveld and Mark Overmars}",
   title = "Computational Geometry",
   publisher = "Springer",
   edition = "{T}hird",
   year = 2008
}

@BOOK{HATCH,
   author = "Allen Hatcher",
   title = "Algebraic Topology",
   publisher = "Cambridge University Press",
   edition = "{F}irst",
   year = 2002
}

@ARTICLE{TOPDATA,
    author = "Gunnar Carlsson",
    title = "Topology And Data",
    journal = "Bull. Amer. Math Soc.",
    volume = "46",
    pages = "255-308",
    year = 2009,
    doi = {10.1016/j.apnum.2014.04.005}
}

@ARTICLE{LAND,
    author = "Peter Bubenik",
    title = "Statistical topological data analysis using persistence landscapes",
    journal = "Journal of Machine Learning Research",
    volume = "16",
    pages = "77-102",
    year = 2015,
    doi = {10.1016/j.apnum.2014.04.005}
}

@ARTICLE{PERST,
    author = "{Herbert Edelsbrunner, John Harer}",
    title = "Persistent Homology -A survey",
    journal = "",
    volume = "16",
    pages = "77-102",
    year = 2008,
    doi = {10.1016/j.apnum.2014.04.005}

}

@BOOK{DMOUNT,
   author = "David M. Mount",
   title = "Computational Geometry",
   publisher = "Lecture Notes",
   edition = "",
   year = 2014
}

@ARTICLE{SMALE,
    author = {Partha Niyogi and Stephen Smale and Shmuel Weinberger},
    title = "Finding The Homology  Of Submanifolds with High Confidence from Random Samples",
    journal = "Discrete And Computational Geometry",
    volume = "39. 1-3",
    pages = "419-441",
    year = 2008,
    doi = {10.1007/s00454-008-9053-2}
}

@ARTICLE{SILHOUETTES,
    author = "{Chazal, F., Fasy, B. T., Lecci, F., Rinaldo, A., Wasserman, L.}",
    title = "Stochastic Convergence of Persistence Landscapes and Silhouettes",
    journal = "Proceedings of the thirtieth annual symposium on Computational geometry",
    volume = "",
    pages = "474",
    year = 2014,
    doi = {10.1016/j.apnum.2014.04.005}
}

@article{BOOTSTRAP,
  title={On the bootstrap for persistence diagrams and landscapes},
  author={Chazal, Fr{\'e}d{\'e}ric and Fasy, Brittany Terese and Lecci, Fabrizio and Rinaldo, Alessandro and Singh, Aarti and Wasserman, Larry},
  journal={Modeling and Analysis of Information Systems},
  volume = 20,
  number = 6,
  pages = {96--105},
  year={2013}
}

@ARTICLE{FRECHET,
    author = "{Turner, K., Mileyko, Y., Mukherjee, S., Harer, J}",
    title = "Fr\'echet means for distributions of persistence diagrams",
    journal = "Discrete And Computational Geometry",
    volume = "52(1)",
    pages = "44-70",
    year = 2014,
    doi = {10.1016/j.apnum.2014.04.005}
}

@article{kuchment2004quantum,
    title={Quantum Graphs: {I}. Some Basic Structures},
    author={Kuchment, Peter},
    journal={Waves in Random Media},
    volume={14},
    number={1},
    pages={S107--128},
    year={2004},
    publisher={Taylor \& Francis}
}

@article{gasparovic2017complete,
    title={A Complete Characterization of the 1-Dimensional Intrinsic Cech
        Persistence Diagrams for Metric Graphs},
    author={Gasparovic, Ellen and Gommel, Maria and Purvine, Emilie and
        Sazdanovic, Radmila and Wang, Bei and Wang, Yusu and Ziegelmeier,
        Lori},
    journal= {Research in Computational Topology},
    note={To appear; arXiv preprint arXiv:1702.07379},
}
