@ARTICLE{robins2015,
  author={O. {Delgado-Friedrichs} and V. {Robins} and A. {Sheppard}},
  journal={IEEE Transactions on Pattern Analysis and Machine Intelligence}, 
  title={Skeletonization and Partitioning of Digital Images Using Discrete Morse Theory}, 
  year={2015},
  volume={37},
  number={3},
  pages={654-666},}
  
@ARTICLE{robins2011,
  author={V. {Robins} and P. J. {Wood} and A. P. {Sheppard}},
  journal={IEEE Transactions on Pattern Analysis and Machine Intelligence}, 
  title={Theory and Algorithms for Constructing Discrete Morse Complexes from Grayscale Digital Images}, 
  year={2011},
  volume={33},
  number={8},
  pages={1646-1658},
  }
  
@ARTICLE{lewiner2004,
  author={T. {Lewiner} and H. {Lopes} and G. {Tavares}},
  journal={IEEE Transactions on Visualization and Computer Graphics}, 
  title={Applications of Forman's discrete Morse theory to topology visualization and mesh compression}, 
  year={2004},
  volume={10},
  number={5},
  pages={499-508},
  }
@article{Bauer2012OptimalTS,
  title={Optimal Topological Simplification of Discrete Functions on Surfaces},
  author={Ulrich Bauer and Carsten Lange and Max Wardetzky},
  journal={Discrete and Computational Geometry},
  year={2012},
  volume={47},
  pages={347-377}
}
@article{nanda2013,
author = {Mischaikow, Konstantin and Nanda, Vidit},
title = {Morse Theory for Filtrations and Efficient Computation of Persistent Homology},
year = {2013},
issue_date = {September 2013},
publisher = {Springer-Verlag},
address = {Berlin, Heidelberg},
volume = {50},
number = {2},
issn = {0179-5376},
url = {https://doi.org/10.1007/s00454-013-9529-6},
doi = {10.1007/s00454-013-9529-6},
journal = {Discrete Comput. Geom.},
month = sep,
pages = {330–353},
numpages = {24},
keywords = {Computational topology, Persistent homology, Discrete Morse theory}
}


@article{mori2011,
author = {Mori, Francesca and Salvetti, Mario},
year = {2011},
month = {01},
pages = {},
title = {(Discrete) Morse Theory on Configuration Spaces},
volume = {18},
journal = {Mathematical Research Letters},
doi = {10.4310/MRL.2011.v18.n1.a4}
}

@article{chazal2008smooth,
  title={Smooth manifold reconstruction from noisy and non-uniform approximation with guarantees},
  author={Chazal, Fr{\'e}d{\'e}ric and Lieutier, Andr{\'e}},
  journal={Computational Geometry},
  volume={40},
  number={2},
  pages={156--170},
  year={2008},
  publisher={Elsevier}
}
@inproceedings{Ahmed:2015:CTD:2820783.2820810,
 author = {Ahmed, Mahmuda and Fasy, Brittany Terese and Gibson, Matt and Wenk, Carola},
 title = {Choosing Thresholds for Density-based Map Construction Algorithms},
 booktitle = {Proceedings of the 23rd SIGSPATIAL International Conference on Advances in Geographic Information Systems},
 series = {SIGSPATIAL '15},
 year = {2015},
 isbn = {978-1-4503-3967-4},
 location = {Seattle, Washington},
 pages = {24:1--24:10},
 articleno = {24},
 numpages = {10},
 url = {http://doi.acm.org/10.1145/2820783.2820810},
 doi = {10.1145/2820783.2820810},
 acmid = {2820810},
 publisher = {ACM},
 address = {New York, NY, USA},
 keywords = {density, map construction, thresholding},
} 
@inproceedings{dey_graph_2018_socg,
  title = {Graph Reconstruction by Discrete {M}orse Theory},
  author = {Dey, Tamal K. and Wang, Jiayuan and Wang, Yusu},
  booktitle = {34th International Symposium on Computational Geometry},
  pages = {31:1--31:15},
  year = 2018
  }
@inproceedings{ge_data_11,
 author = {Ge, Xiaoyin and Safa, Issam and Belkin, Mikhail and Wang, Yusu},
 title = {Data Skeletonization via Reeb Graphs},
 booktitle = {Proceedings of the 24th International Conference on Neural Information Processing Systems},
 series = {NIPS'11},
 year = {2011},
 isbn = {978-1-61839-599-3},
 location = {Granada, Spain},
 pages = {837--845},
 numpages = {9},
 url = {http://dl.acm.org/citation.cfm?id=2986459.2986553},
 acmid = {2986553},
 publisher = {Curran Associates Inc.},
 address = {USA},
}
@inproceedings{wang_efficient_2015,
	location = {Bellevue, Washington},
	title = {Efficient map reconstruction and augmentation via topological methods},
	isbn = {978-1-4503-3967-4},
	url = {http://dl.acm.org/citation.cfm?doid=2820783.2820833},
	doi = {10.1145/2820783.2820833},
	eventtitle = {the 23rd {SIGSPATIAL} International Conference},
	pages = {1--10},
	booktitle = {Proceedings of the 23rd {SIGSPATIAL} International Conference on Advances in Geographic Information Systems - {GIS} '15},
	publisher = {{ACM} Press},
	author = {Wang, Suyi and Wang, Yusu and Li, Yanjie},
	urldate = {2018-08-20},
	year = 2015,
	langid = {english},
	file = {Wang et al. - 2015 - Efficient map reconstruction and augmentation via .pdf:/home/sushovan/Zotero/storage/NXDW9LSZ/Wang et al. - 2015 - Efficient map reconstruction and augmentation via .pdf:application/pdf}
}
@article{forman_users_02,
  author = {Robin Forman},
  title = {A user's guide to discrete {M}orse theory},
  journal = {S{\'e}minaire Lotharingien de Combinatiore},
  number = 48,
  year = 2002,
  pages ={Art.\ B48c}
  }
%---------------------------------------------------------------
@article{majhi2019approximating,
    title={Approximating {G}romov-{H}ausdorff {D}istance in {E}uclidean {S}pace},
    url={https://arxiv.org/abs/1912.13008},
    urldate={2019-12-31},
    journal={arXiv:1912.13008 [math.MG]},
    author={Sushovan Majhi and Jeffrey Vitter and Carola Wenk},
    year={2019},
    eprint={1912.13008},
    archivePrefix={arXiv},
    primaryClass={math.MG}
}
@book{gromov_metric_nodate,
	title = {Metric {Structures} for {Riemannian} and {Non}-{Riemannian} {Spaces}},
	author = {Gromov, Mikhael},
}
@Article{Alt1995,
author="Alt, Helmut
and Behrends, Bernd
and Bl{\"o}mer, Johannes",
title="Approximate matching of polygonal shapes",
journal="Annals of Mathematics and Artificial Intelligence",
year="1995",
month="Sep",
day="01",
volume="13",
number="3",
pages="251--265",
issn="1573-7470",
doi="10.1007/BF01530830",
url="https://doi.org/10.1007/BF01530830"
}
@article{kenyon_2009,
 author = {Kenyon, Claire and Rabani, Yuval and Sinclair, Alistair},
 title = {Low Distortion Maps Between Point Sets},
 journal = {SIAM J. Comput.},
 issue_date = {September 2009},
 volume = {39},
 number = {4},
 month = dec,
 year = {2009},
 issn = {0097-5397},
 pages = {1617--1636},
 numpages = {20},
 url = {http://dx.doi.org/10.1137/080712921},
 doi = {10.1137/080712921},
 acmid = {1958014},
 publisher = {Society for Industrial and Applied Mathematics},
 address = {Philadelphia, PA, USA},
 keywords = {dynamic programming, low distortion embeddings, metric spaces, permutations, shape matching},
} 
@inproceedings {memoli_use_nodate,
booktitle = {Eurographics Symposium on Point-Based Graphics},
editor = {M. Botsch and R. Pajarola and B. Chen and M. Zwicker},
title = {{On the use of Gromov-Hausdorff Distances for Shape Comparison}},
author = {Memoli, Facundo},
year = {2007},
publisher = {The Eurographics Association},
ISBN = {978-3-905673-51-7},
DOI = {10.2312/SPBG/SPBG07/081-090}
}
@article{ROTE1991123,
title = "Computing the minimum Hausdorff distance between two point sets on a line under translation",
journal = "Information Processing Letters",
volume = "38",
number = "3",
pages = "123 - 127",
year = "1991",
issn = "0020-0190",
doi = "https://doi.org/10.1016/0020-0190(91)90233-8",
url = "http://www.sciencedirect.com/science/article/pii/0020019091902338",
author = "Günter Rote",
keywords = "Computational geometry, Hausdorff distance, pattern recognition, pattern matching",
abstract = "Given two sets of points on a line, we want to translate one of them so that their Hausdorff distance (the maximum of the distances from a point in any of the sets to the nearest point in the other set) is as small as possible. We present an optimal O(n log n) algorithm for this problem."
}
@book{artin2011algebra,
  title={Algebra},
  author={Artin, M.},
  isbn={9780132413770},
  lccn={2010017573},
  url={https://books.google.com/books?id=S6GSAgAAQBAJ},
  year={2011},
  publisher={Pearson Prentice Hall}
}
@article{berger_encounter_2000,
	title = {Encounter with a {Geometer}, {Part} {I}},
	volume = {47},
	language = {en},
	number = {2},
	author = {Berger, Marcel},
	year = {2000},
	pages = {12},
	file = {Berger - 2000 - Encounter with a Geometer, Part I.pdf:/home/sushovan/Zotero/storage/J8AQLCT8/Berger - 2000 - Encounter with a Geometer, Part I.pdf:application/pdf}
}
@article{agarwal_computing_2015,
 author = {Agarwal, Pankaj K. and Fox, Kyle and Nath, Abhinandan and Sidiropoulos, Anastasios and Wang, Yusu},
 title = {Computing the Gromov-Hausdorff Distance for Metric Trees},
 journal = {ACM Trans. Algorithms},
 issue_date = {June 2018},
 volume = {14},
 number = {2},
 month = apr,
 year = {2018},
 issn = {1549-6325},
 pages = {24:1--24:20},
 articleno = {24},
 numpages = {20},
 url = {http://doi.acm.org/10.1145/3185466},
 doi = {10.1145/3185466},
 acmid = {3185466},
 publisher = {ACM},
 address = {New York, NY, USA},
 keywords = {Metric spaces, embeddings},
} 
@book{burago_course_2001,
	address = {Providence, Rhode Island},
	series = {Graduate {Studies} in {Mathematics}},
	title = {A {Course} in {Metric} {Geometry}},
	volume = {33},
	isbn = {978-0-8218-2129-9 978-1-4704-1794-9},
	url = {http://www.ams.org/gsm/033},
	language = {en},
	urldate = {2019-03-29},
	publisher = {American Mathematical Society},
	author = {Burago, Dmitri and Burago, Yuri and Ivanov, Sergei},
	month = jun,
	year = {2001},
	doi = {10.1090/gsm/033},
}
@article{memoli_theoretical_2005,
	title = {A {Theoretical} and {Computational} {Framework} for {Isometry} {Invariant} {Recognition} of {Point} {Cloud} {Data}},
	volume = {5},
	issn = {1615-3375, 1615-3383},
	url = {http://link.springer.com/10.1007/s10208-004-0145-y},
	doi = {10.1007/s10208-004-0145-y},
	language = {en},
	number = {3},
	urldate = {2019-04-09},
	journal = {Foundations of Computational Mathematics},
	author = {M\'emoli, Facundo and Sapiro, Guillermo},
	month = jul,
	year = {2005},
	pages = {313--347},
}
@inproceedings{memoli_gromov-hausdorff_2008,
	address = {Anchorage, AK, USA},
	title = {Gromov-{Hausdorff} distances in {Euclidean} spaces},
	isbn = {978-1-4244-2339-2},
	url = {http://ieeexplore.ieee.org/document/4563074/},
	doi = {10.1109/CVPRW.2008.4563074},
	language = {en},
	urldate = {2019-03-29},
	booktitle = {2008 {IEEE} {Computer} {Society} {Conference} on {Computer} {Vision} and {Pattern} {Recognition} {Workshops}},
	publisher = {IEEE},
	author = {M\'emoli, Facundo},
	month = jun,
	year = {2008},
	pages = {1--8},
}
@article{memoli_properties_2012,
	title = {Some {Properties} of {Gromov}-{Hausdorff} {Distances}},
	volume = {48},
	issn = {0179-5376, 1432-0444},
	url = {http://link.springer.com/10.1007/s00454-012-9406-8},
	doi = {10.1007/s00454-012-9406-8},
	language = {en},
	number = {2},
	urldate = {2019-03-29},
	journal = {Discrete \& Computational Geometry},
	author = {M\'emoli, Facundo},
	month = sep,
	year = {2012},
	pages = {416--440},
}
@article{ivanov_realizations_2016,
	title = {Realizations of {Gromov}-{Hausdorff} {Distance}},
	url = {http://arxiv.org/abs/1603.08850},
	language = {en},
	urldate = {2019-03-29},
	journal = {arXiv:1603.08850 [math]},
	author = {Ivanov, Alexander and Iliadis, Stavros and Tuzhilin, Alexey},
	month = mar,
	year = {2016},
	note = {arXiv: 1603.08850},
	keywords = {Mathematics - Metric Geometry, 51F99},
}
@book{gromov_metric_2007,
	address = {Boston},
	series = {Modern {Birkhäuser} classics},
	title = {Metric structures for {Riemannian} and non-{Riemannian} spaces},
	isbn = {978-0-8176-4582-3 978-0-8176-4583-0},
	language = {en},
	publisher = {Birkhäuser},
	author = {Gromov, Mikhael},
	year = {2007},
	keywords = {Riemannian manifolds},
}
@article{touli_fpt-algorithms_2018,
	title = {{FPT}-algorithms for computing {Gromov}-{Hausdorff} and interleaving distances between trees},
	url = {http://arxiv.org/abs/1811.02425},
	language = {en},
	urldate = {2019-03-29},
	journal = {arXiv:1811.02425 [cs]},
	author = {Touli, Elena Farahbakhsh and Wang, Yusu},
	month = nov,
	year = {2018},
	note = {arXiv: 1811.02425},
	keywords = {Computer Science - Computational Geometry},
}
@incollection{hutchison_approximating_2005,
	address = {Berlin, Heidelberg},
	title = {Approximating the {Distortion}},
	volume = {3624},
	isbn = {978-3-540-28239-6 978-3-540-31874-3},
	url = {http://link.springer.com/10.1007/11538462_10},
	language = {en},
	urldate = {2019-04-09},
	booktitle = {Approximation, {Randomization} and {Combinatorial} {Optimization}. {Algorithms} and {Techniques}},
	publisher = {Springer Berlin Heidelberg},
	author = {Hall, Alexander and Papadimitriou, Christos},
	year = {2005},
	doi = {10.1007/11538462_10},
	pages = {111--122},
}

@article{kenyon_low_2010,
	title = {Low {Distortion} {Maps} {Between} {Point} {Sets}},
	volume = {39},
	issn = {0097-5397, 1095-7111},
	url = {http://epubs.siam.org/doi/10.1137/080712921},
	doi = {10.1137/080712921},
	language = {en},
	number = {4},
	urldate = {2019-04-09},
	journal = {SIAM Journal on Computing},
	author = {Kenyon, Claire and Rabani, Yuval and Sinclair, Alistair},
	month = jan,
	year = {2010},
	pages = {1617--1636},
}
@inproceedings{10.5555/1070432.1070448,
        author = {Papadimitriou, Christos and Safra, Shmuel},
        title = {The Complexity of Low-Distortion Embeddings between Point Sets},
        year = {2005},
        isbn = {0898715857},
        publisher = {Society for Industrial and Applied Mathematics},
        address = {USA},
        booktitle = {Proceedings of the Sixteenth Annual ACM-SIAM Symposium on Discrete Algorithms},
        pages = {112--118},
        numpages = {7},
        location = {Vancouver, British Columbia},
        series = {SODA ’05}
}
@article{bronstein_efficient_2006,
	title = {Efficient {Computation} of {Isometry}‐{Invariant} {Distances} {Between} {Surfaces}},
	volume = {28},
	issn = {1064-8275, 1095-7197},
	url = {http://epubs.siam.org/doi/10.1137/050639296},
	doi = {10.1137/050639296},
	language = {en},
	number = {5},
	urldate = {2019-04-09},
	journal = {SIAM Journal on Scientific Computing},
	author = {Bronstein, Alexander M. and Bronstein, Michael M. and Kimmel, Ron},
	month = jan,
	year = {2006},
	pages = {1812--1836},
}
@article{arkin_matching_1992,
	title = {Matching {Points} into {Pairwise}-{Disjoint} {Noise} {Regions}: {Combinatorial} {Bounds} and {Algorithms}},
	volume = {4},
	issn = {0899-1499, 2326-3245},
	shorttitle = {Matching {Points} into {Pairwise}-{Disjoint} {Noise} {Regions}},
	url = {http://pubsonline.informs.org/doi/abs/10.1287/ijoc.4.4.375},
	doi = {10.1287/ijoc.4.4.375},
	language = {en},
	number = {4},
	urldate = {2019-04-03},
	journal = {ORSA Journal on Computing},
	author = {Arkin, Esther M. and Kedem, Klara and Mitchell, Joseph S. B. and Sprinzak, Josef and Werman, Michael},
	month = nov,
	year = {1992},
	pages = {375--386},
}
% Recon
@article{fasy2018reconstruction,
    title={On the {R}econstruction of {G}eodesic {S}ubspaces of $\mathbb{R}^N$},
    author={Brittany Terese Fasy and Rafal Komendarczyk and Sushovan Majhi and Carola Wenk},
    year={2018},
    url={https://arxiv.org/abs/1810.10144},
    journal={arXiv:1810.10144 [math.AT]},
    eprint={1810.10144},
    archivePrefix={arXiv},
    primaryClass={math.AT}
}
@inproceedings{fw17,
    author = {Fasy, Brittany Terese and Komendaczyk, Rafal and Majhi, Sushovan and Wenk, Carola},
    title = {Topological Reconstruction of Metric Graphs in $\mathbb{R}^n$},
    booktitle = {Fall Workshop on Computational Geometry},
    address = {New York, NY},
    month = {October},
    year = {2017},
    url= {https://arxiv.org/abs/1912.03134}
}
@inproceedings{fw18,
    author = {Fasy, Brittany Terese and Majhi, Sushovan and Wenk, Carola},
    title = {Threshold-Based Graph Reconstruction Using Discrete {M}orse Theory},
    booktitle = {Fall Workshop on Computational Geometry},
    address = {New York, NY},
    month = {November},
    year = {2018},
    url={https://arxiv.org/abs/1911.12865}
}
@article{Adams_2019,
   title={Metric thickenings of {E}uclidean submanifolds},
   volume={254},
   ISSN={0166-8641},
   DOI={10.1016/j.topol.2018.12.014},
   journal={Topology and its Applications},
   publisher={Elsevier BV},
   author={Adams, Henry and Mirth, Joshua},
   year={2019},
   month={Mar},
   pages={69-84}
}
@article{adamaszek_homotopy_2016,
author = {Adamaszek, Micha\l{} and Frick, Florian and Vakili, Adrien},
title = {On Homotopy Types of {E}uclidean {R}ips Complexes},
year = {2017},
issue_date = {October 2017},
publisher = {Springer-Verlag},
address = {Berlin, Heidelberg},
volume = {58},
number = {3},
issn = {0179-5376},
url = {https://doi.org/10.1007/s00454-017-9916-5},
doi = {10.1007/s00454-017-9916-5},
journal = {Discrete Comput. Geom.},
month = oct,
pages = {526-542},
numpages = {17},
keywords = {05E45, 52C99, Shadow, 55U10, Fundamental group, Vietoris---Rips complex, Homotopy}
}
@incollection{hausmann_1995,
	series = {Proceedings of a {Conference} in {Honor} of {William} {Browder}. ({AM}-138)},
	title = {On the {Vietoris-Rips} {Complexes} and a {Cohomology} {Theory} for {Metric} {Spaces}},
	isbn = {978-0-691-02728-9},
	urldate = {2019-01-28},
	booktitle = {Prospects in {Topology} ({AM}-138)},
	publisher = {Princeton University Press},
	author = {Hausmann, Jean-Claude},
	editor = {Quinn, Frank},
	year = {1995},
	pages = {175-188}
}
@article{latschev_2001,
	title = {Vietoris-{Rips} complexes of metric spaces near a closed {Riemannian} manifold},
	volume = {77},
	issn = {0003-889X},
	shorttitle = {Vietoris-{Rips} complexes of metric spaces near a closed {Riemannian} manifold},
	doi = {10.1007/PL00000526},
	language = {en},
	number = {6},
	urldate = {2018-09-20},
	journal = {Archiv der Mathematik},
	author = {Latschev, J.},
	month = Dec,
	year = {2001},
	pages = {522-528},
}
@book{Kozlov-book,
	location = {Berlin ; New York},
	title = {Combinatorial algebraic topology},
	isbn = {978-3-540-71961-8},
	series = {Algorithms and computation in mathematics},
	pagetotal = {389},
	number = {v. 21},
	publisher = {Springer},
	author = {Kozlov, D. N.},
	date = {2008},
	langid = {english},
	keywords = {Algebra, Homological, Algebraic topology, Categories (Mathematics), Combinatorial topology}
}
@article{Chazal2015,
author="Chazal, Fr{\'e}d{\'e}ric
and Huang, Ruqi
and Sun, Jian",
title="Gromov--Hausdorff Approximation of Filamentary Structures Using Reeb-Type Graphs",
journal="Discrete {\&} Computational Geometry",
year="2015",
month="Apr",
day="01",
volume="53",
number="3",
pages="621--649",
issn="1432-0444",
doi="10.1007/s00454-015-9674-1",
}
@article{Jung1901,
author = {Jung, Heinrich},
journal = {Journal für die reine und angewandte Mathematik},
pages = {241-257},
title = {Ueber die kleinste {K}ugel, die eine räumliche {F}igur einschliesst.},
volume = {123},
year = {1901},
}
@article{Jung1910,
author = {Jung, Heinrich W.E.},
journal = {Journal für die reine und angewandte Mathematik},
pages = {310-313},
title = {{\"U}ber den kleinsten {K}reis, der eine ebene {F}igur einschliesst.},
volume = {137},
year = {1910},
}
@book{gromov1999metric,
  title={Metric Structures for Riemannian and Non-Riemannian Spaces},
  author={Gromov, M. and Lafontaine, J. and Pansu, P.},
  isbn={9780817638986},
  lccn={97024633},
  series={Progress in Mathematics - Birkh{\"a}user},
  year={1999},
  publisher={Birkh{\"a}user}
}
@Article{Chazal2011,
author="Chazal, Fr{\'e}d{\'e}ric
and Guibas, Leonidas J.
and Oudot, Steve Y.
and Skraba, Primoz",
title="Scalar Field Analysis over Point Cloud Data",
journal="Discrete {\&} Computational Geometry",
year="2011",
month="May",
day="17",
volume="46",
number="4",
pages="743",
issn="1432-0444",
doi="10.1007/s00454-011-9360-x",
}
@article{Lecci:2014:SAM:2627435.2697074,
 author = {Lecci, Fabrizio and Rinaldo, Alessandro and Wasserman, Larry},
 title = {Statistical Analysis of Metric Graph Reconstruction},
 journal = {J. Mach. Learn. Res.},
 issue_date = {January 2014},
 volume = {15},
 number = {1},
 month = jan,
 year = {2014},
 issn = {1532-4435},
 pages = {3425--3446},
 numpages = {22},
 acmid = {2697074},
 publisher = {JMLR.org},
 keywords = {filament, manifold learning, metric graph, minimax estimation, reconstruction},
} 
@article{ATTALI2013448,
title = "Vietoris-{R}ips complexes also provide topologically correct reconstructions of sampled shapes",
journal = "Computational Geometry",
volume = "46",
number = "4",
pages = "448 - 465",
year = "2013",
note = "27th Annual Symposium on Computational Geometry (SoCG 2011)",
issn = "0925-7721",
doi = "https://doi.org/10.1016/j.comgeo.2012.02.009",
author = "Dominique Attali and Andr{\'e} Lieutier and David Salinas",
keywords = "Rips complexes, Clique complexes, Čech complexes, Collapses, High dimensions"
}
@inproceedings{DeSilva:2004,
 author = {De Silva, Vin and Carlsson, Gunnar},
 title = {Topological Estimation Using Witness Complexes},
 booktitle = {Proceedings of the First Eurographics Conference on Point-Based Graphics},
 series = {SPBG'04},
 year = {2004},
 isbn = {3-905673-09-6},
 location = {Switzerland},
 pages = {157--166},
 numpages = {10},
 doi = {10.2312/SPBG/SPBG04/157-166},
 acmid = {2386359},
 publisher = {Eurographics Association},
 address = {Aire-la-Ville, Switzerland, Switzerland},
}
@Article{Chambers2010,
author="Chambers, Erin W.
and de Silva, Vin
and Erickson, Jeff
and Ghrist, Robert",
title="{V}ietoris--{R}ips Complexes of Planar Point Sets",
journal="Discrete {\&} Computational Geometry",
year="2010",
month="Jul",
day="01",
volume="44",
number="1",
pages="75--90",
issn="1432-0444",
doi="10.1007/s00454-009-9209-8",
}
@techreport{cazals:inria-00070610,
  TITLE = {{Delaunay Triangulation Based Surface Reconstruction: Ideas and Algorithms}},
  AUTHOR = {Cazals, Fr{\'e}d{\'e}ric and Giesen, Joachim},
  NUMBER = {RR-5393},
  PAGES = {42},
  INSTITUTION = {{INRIA}},
  YEAR = {2004},
  MONTH = Nov,
  KEYWORDS = {SURFACE RECONSTRUCTION ; DELAUNAY ; VORONO{\"I} ; REVERSE ENGINEERING ; SHAPE APPROXIMATION},
  PDF = {https://hal.inria.fr/inria-00070610/file/RR-5393.pdf},
  HAL_ID = {inria-00070610},
  HAL_VERSION = {v1},
}

@inproceedings{co-tpbr-08
, author =      "Chazal, Fr{\'e}d{\'e}ric and S. Y. Oudot"
, title =       "Towards Persistence-Based Reconstruction in {Euclidean} Spaces"
, booktitle = "Proc. 24th ACM Sympos. Comput. Geom."
, year =    2008
, pages = "232--241"
}
@article{chazal2013,
  author    = {Fr{\'{e}}d{\'{e}}ric Chazal and
               Jian Sun},
  title     = {{G}romov-{H}ausdorff Approximation of Metric Spaces with Linear Structure},
  journal   = {CoRR},
  volume    = {abs/1305.1172},
  year      = {2013},
  archivePrefix = {arXiv},
  eprint    = {1305.1172},
  timestamp = {Wed, 07 Jun 2017 14:41:51 +0200},
  biburl    = {https://dblp.org/rec/bib/journals/corr/abs-1305-1172},
  bibsource = {dblp computer science bibliography, https://dblp.org}
}
@book{burago2001course,
  title={A Course in Metric Geometry},
    author={Burago, D. and Burago, I.U.D. and Burago, I.U.D. and Burago, J.D. and Burago, Y. and Burago, I.U.D. and Ivanov, S. and Ivanov, S. and American Mathematical Society},
      isbn={9780821821299},
        lccn={20122062},
	  series={Crm Proceedings \& Lecture Notes},
	      year={2001},
	        publisher={American Mathematical Society}
}

@article{gromov1978,
author = "Gromov, Mikhael",
fjournal = "Journal of Differential Geometry",
journal = "J. Differential Geom.",
number = "3",
pages = "303--310",
publisher = "Lehigh University",
title = "Homotopical effects of dilatation",
volume = "13",
year = "1978"
}
@article{gromov1983,
author = "Gromov, Mikhael",
fjournal = "Journal of Differential Geometry",
journal = "J. Differential Geom.",
number = "1",
pages = "1--147",
publisher = "Lehigh University",
title = "Filling {R}iemannian manifolds",
volume = "18",
year = "1983"
}
@Inbook{Sullivan:2008,
author="Sullivan, John M.",
editor="Bobenko, Alexander I.
and Sullivan, John M.
and Schr{\"o}der, Peter
and Ziegler, G{\"u}nter M.",
title="Curves of Finite Total Curvature",
bookTitle="Discrete Differential Geometry",
year="2008",
publisher="Birkh{\"a}user Basel",
address="Basel",
pages="137--161",
isbn="978-3-7643-8621-4",
}

@book{spanier1994algebraic,
  title={Algebraic topology},
    author={Spanier, Edwin H},
      volume={55},
        number={1},
	  year={1994},
	    publisher={Springer Science \& Business Media}
	    }
	    
@article{Ahmed:2015:PDS:2807914.2729977,
 author = {Ahmed, Mahmuda and Fasy, Brittany Terese and Hickmann, Kyle S. and Wenk, Carola},
  title = {A Path-Based Distance for Street Map Comparison},
   journal = {ACM Trans. Spatial Algorithms Syst.},
    issue_date = {August 2015},
     volume = {1},
      number = {1},
       month = jul,
        year = {2015},
	 issn = {2374-0353},
	  pages = {3:1--3:28},
	   articleno = {3},
	    numpages = {28},
	      doi = {10.1145/2729977},
	       acmid = {2729977},
	        publisher = {ACM},
		 address = {New York, NY, USA},
		  keywords = {Map comparison, geometric graphs, street maps},
		  }

@book{Dey:2006:CSR:1196751,
 author = {Dey, Tamal K.},
  title = {Curve and Surface Reconstruction: Algorithms with Mathematical Analysis (Cambridge Monographs on Applied and Computational Mathematics)},
   year = {2006},
    isbn = {0521863708},
     publisher = {Cambridge University Press},
      address = {New York, NY, USA},
      }
      
@Article{Alexandroff1928,
author="Alexandroff, Paul",
title="{\"U}ber den allgemeinen {D}imensionsbegriff und seine {B}eziehungen zur elementaren geometrischen {A}nschauung",
journal="Mathematische Annalen",
year="1928",
month="March",
day="01",
volume="98",
number="1",
pages="617--635",
issn="1432-1807",
doi="10.1007/BF01451612",
}
@inproceedings{Ahmed:2014:LPH:2666310.2666390,
 author = {Ahmed, Mahmuda and Fasy, Brittany Terese and Wenk, Carola},
  title = {Local Persistent Homology Based Distance Between Maps},
   booktitle = {Proceedings of the 22Nd ACM SIGSPATIAL International Conference on Advances in Geographic Information Systems},
    series = {SIGSPATIAL '14},
     year = {2014},
      isbn = {978-1-4503-3131-9},
       location = {Dallas, Texas},
        pages = {43--52},
	 numpages = {10},
	   doi = {10.1145/2666310.2666390},
	    acmid = {2666390},
	     publisher = {ACM},
	      address = {New York, NY, USA},
	       keywords = {local homology, map comparison, metrics, persistence},
	       } 

@book{akpw-mca-15,
  title = {Map Construction Algorithms},
  author = {Mahmuda Ahmed and Sophia Karagiorgou and Dieter Pfoser and Carola Wenk},
  publisher = {Springer},
  year = 2015
}

@article{amenta1998crust,
  title={The crust and the $\beta$-skeleton: Combinatorial curve reconstruction},
    author={Amenta, Nina and Bern, Marshall and Eppstein, David},
      journal={Graphical models and image processing},
        volume={60},
	  number={2},
	    pages={125--135},
	      year={1998},
	        publisher={Elsevier}
		}
@article{lecci2014statistical,
  title={Statistical analysis of metric graph reconstruction.},
    author={Lecci, Fabrizio and Rinaldo, Alessandro and Wasserman, Larry A},
      journal={Journal of Machine Learning Research},
        volume={15},
	  number={1},
	    pages={3425--3446},
	      year={2014}
	      }
	      
@article{aanjaneya2012metric,
    title={Metric Graph Reconstruction from Noisy Data},
    author={Aanjaneya, Mridul and Chazal, Fr\'ed\'eric and Chen, Daniel and Glisse, Marc and Guibas, Leonidas and Morozov, Dmitriy},
    journal={International Journal of Computational Geometry \& Applications},
    volume={22},
    number={04},
    pages={305--325},
    year={2012},
    publisher={World Scientific}
}

@article{lieutier2004any,
    title={Any open bounded subset of $\mathbb{R}^n$ has the same homotopy type as its medial axis},
    author={Lieutier, Andr{\'e}},
    journal={Computer-Aided Design},
    volume={36},
    number={11},
    pages={1029--1046},
    year={2004},
    publisher={Elsevier}
}

@article{amenta1999surface,
  title={Surface reconstruction by Voronoi filtering},
    author={Amenta, Nina and Bern, Marshall},
      journal={Discrete \& Computational Geometry},
        volume={22},
	  number={4},
	    pages={481--504},
	      year={1999},
	        publisher={Springer}
		}
		
@article{chazal2009sampling,
  title={A sampling theory for compact sets in {E}uclidean space},
    author={Chazal, Fr{\'e}d{\'e}ric and Cohen-Steiner, David and Lieutier, Andr{\'e}},
      journal={Discrete \& Computational Geometry},
        volume={41},
	  number={3},
	    pages={461--479},
	      year={2009},
	        publisher={Springer}
		}
		

@article{chazal2005lambda,
  title={The $\lambda$-medial axis},
    author={Chazal, Fr{\'e}d{\'e}ric and Lieutier, Andr{\'e}},
      journal={Graphical Models},
        volume={67},
	  number={4},
	    pages={304--331},
	      year={2005},
	        publisher={Elsevier}
}		

@article{CHAZALSTAB,
    title={Stability and Computation of Topological Invariants of Solids in
                  $\mathbb{R}^n$},
    author={Chazal, Fr{\'e}d{\'e}ric and Lieutier, Andr{\'e}},
    journal={Discrete \& Computational Geometry},
    volume={37},
    number={4},
    pages={601--617},
    year={2007},
    publisher={Springer}
}

@Article{PERSTSTAB,
author="Cohen-Steiner, David
and Edelsbrunner, Herbert
and Harer, John",
title="Stability of Persistence Diagrams",
journal="Discrete {\&} Computational Geometry",
year="2007",
volume="37",
number="1",
pages="103--120",
issn="1432-0444",
doi="10.1007/s00454-006-1276-5",
}

@BOOK{MUNK,
   author = "James R. Munkres",
   title = "Elements Of Algebraic Topology",
   publisher = "Addison-Wesley Publishing Company",
   edition = "{S}econd",
   year = 1996
}
@book{munkres2000topology,
  title={Topology},
  author={Munkres, James R.},
  isbn={9780131816299},
  lccn={99052942},
  series={Featured Titles for Topology Series},
  year={2000},
  publisher={Prentice Hall, Incorporated}
}
@BOOK{MARK,
   author = "{Mark de Berg, Otfried Cheong, Marc van Kreveld and Mark Overmars}",
   title = "Computational Geometry",
   publisher = "Springer",
   edition = "{T}hird",
   year = 2008
}

@BOOK{HATCH,
   author = "Allen Hatcher",
   title = "Algebraic Topology",
   publisher = "Cambridge University Press",
   edition = "{F}irst",
   year = 2002
}

@ARTICLE{TOPDATA,
    author = "Gunnar Carlsson",
    title = "Topology And Data",
    journal = "Bull. Amer. Math Soc.",
    volume = "46",
    pages = "255-308",
    year = 2009,
    doi = {10.1016/j.apnum.2014.04.005}
}

@BOOK{DMOUNT,
   author = "David M. Mount",
   title = "Computational Geometry",
   publisher = "Lecture Notes",
   edition = "",
   year = 2014
}

@ARTICLE{SMALE,
    author = {Partha Niyogi and Stephen Smale and Shmuel Weinberger},
    title = "Finding The Homology  Of Submanifolds with High Confidence from Random Samples",
    journal = "Discrete And Computational Geometry",
    volume = "39. 1-3",
    pages = "419-441",
    year = 2008,
}